@book{ISO26262,
    author      = {{ISO}{~}26262},
    publisher   = "ISO, Geneva, Switzerland",
    title       = "{R}oad vehicles - {F}unctional safety",
    year        = 2011
}

@book{IEC61508,
    author      = {{IEC}{~}61508},
    publisher   = "ISO, Geneva, Switzerland",
    title       = "Functional safety of electrical/electronic/programmable electronic safety-related systems",
    year        = 2000
}

@misc{AUTOSAR:URL,
    author      = {{AUTOSAR}},
    title       = {{AUTOSAR}},
    month       = sep,
    year        = 2013,
    howpublished = "\url{http://autosar.org/index.php?p=3&up=2}"
}

@manual{SPEC:AUTOSAR:CSM,
    author      = {{AUTOSAR}},
    title       = "Specification of Crypto Service Manager",
    organization = {{AUTOSAR}},
    edition     = "third",
    note        = "Document Identification Number 402"
}

@misc{QUVIQ:flyer,
    author      = "QuviQ",
    title       = "Quick{C}heck",
    month       = sep,
    year        = 2013,
    howpublished = "\url{http://www.quviq.com/documents/QuviqFlyer.pdf}"
}

@techreport{QUICKCHECK:lightweight,
    author      = "Koen Claessen, John Hughes",
    title       = "QuickCheck: A Lightweight Tool for Random Testing of {H}askell Programs",
    year        = "2000",
    howpublished = "ACM 1-58113-202-6/00/0009"

}

@manual{QUICKCHECK:manual,
    author      = "John Hughes",
    title       = "QuickCheck: An Automatic Testing Tool for Haskell",
    howpublished = "\url{http://www.cse.chalmers.se/~rjmh/QuickCheck/manual.html}"
}

@book{STANDARDREFERENCE:FSM,
    author    = "Arthur Gill",
    title     = "Introduction to the theory of finite-state machines",
    publisher = "McGraw-Hill",
    number    = "ISSN 0016-0032",
    year      = 1962
}

@book{STANDARDREFERENCE:petri_nets,
    author    = "James Lyle Peterson",
    title     = "Petri net theory and the modeling of systems",
    publisher = "Prentice-Hall",
    number   = "ISBN 0-13-661983-5",
    year      = 1981
}